@article{bouguet2001pyramidal,
	title={Pyramidal implementation of the affine lucas kanade feature tracker description of the algorithm},
	author={Bouguet, Jean-Yves},
	journal={Intel Corporation},
	volume={5},
	pages={1--10},
	year={2001}
}

@inproceedings{chaudhry2009histograms,
	title={Histograms of oriented optical flow and binet-cauchy kernels on nonlinear dynamical systems for the recognition of human actions},
	author={Chaudhry, Rizwan and Ravichandran, Avinash and Hager, Gregory and Vidal, Ren{\'e}},
	booktitle={Computer Vision and Pattern Recognition, 2009. CVPR 2009. IEEE Conference on},
	pages={1932--1939},
	year={2009},
	organization={IEEE}
}

@inproceedings{wang2011action,
	title={Action recognition by dense trajectories},
	author={Wang, Heng and Klaser, Alexander and Schmid, Cordelia and Liu, Cheng-Lin},
	booktitle={Computer Vision and Pattern Recognition (CVPR), 2011 IEEE Conference on},
	pages={3169--3176},
	year={2011},
	organization={IEEE}
}

@article{david1994petri,
	title={Petri nets for modeling of dynamic systems: A survey},
	author={David, Ren{\'e} and Alla, Hassane},
	journal={Automatica},
	volume={30},
	number={2},
	pages={175--202},
	year={1994},
	publisher={Elsevier}
}

@article{petri1966communication,
	title={Communication with automata},
	author={Petri, Carl Adam},
	year={1966}
}

@article{chen2003hand,
	title={Hand gesture recognition using a real-time tracking method and hidden Markov models},
	author={Chen, Feng-Sheng and Fu, Chih-Ming and Huang, Chung-Lin},
	journal={Image and vision computing},
	volume={21},
	number={8},
	pages={745--758},
	year={2003},
	publisher={Elsevier}
}

@inproceedings{moore1999exploiting,
	title={Exploiting human actions and object context for recognition tasks},
	author={Moore, Darnell J and Essa, Irfan A and Hayes III, Monson H},
	booktitle={Computer Vision, 1999. The Proceedings of the Seventh IEEE International Conference on},
	volume={1},
	pages={80--86},
	year={1999},
	organization={IEEE}
}

@inproceedings{frank2013autonomous,
  title={Autonomous mission operations},
  author={Frank, Jeremy and Spirkovska, Lilijana and McCann, Rob and Wang, Lui and Pohlkamp, Kara and Morin, Lee},
  booktitle={Aerospace Conference, 2013 IEEE},
  pages={1--20},
  year={2013},
  organization={IEEE}
}

@misc{Authors14,
 author = {Authors},
 title = {The frobnicatable foo filter},
 note = {Face and Gesture  submission ID 324. Supplied as additional material {\tt fg324.pdf}},
 year = 2014
}

@misc{Authors14b,
 author = {Authors},
 title = {Frobnication tutorial},
 note = {Supplied as additional material {\tt tr.pdf}},
 year = 2014
}

@article{Alpher02,
author = {A. Alpher},
title = {Frobnication},
journal = {Journal of Foo},
volume = 12, 
number = 1, 
pages = {234--778}, 
year = 2002
}

@article{Alpher03,
author = {A. Alpher and  J.~P.~N. Fotheringham-Smythe},
title = {Frobnication revisited},
journal = {Journal of Foo},
volume = 13, 
number = 1, 
pages = {234--778}, 
year = 2003
}

@article{Alpher04,
author = {A. Alpher and J.~P.~N. Fotheringham-Smythe and G. Gamow},
title = {Can a machine frobnicate?},
journal = {Journal of Foo},
volume = 14, 
number = 1, 
pages = {234--778}, 
year = 2004
}

@inproceedings{kortenkamp2008procedure,
	title={A procedure representation language for human spaceflight operations},
	author={Kortenkamp, David and Bonasso, R Peter and Schreckenghost, Debra and Dalal, K Michael and Verma, Vandi and Wang, Lui},
	booktitle={Proceedings of the 9th International Symposium on Artificial Intelligence, Robotics and Automation in Space (i-SAIRAS-08)},
	year={2008}
}

@inproceedings{frank2010plans,
	title={When plans are executed by mice and men},
	author={Frank, Jeremy},
	booktitle={Aerospace Conference, 2010 IEEE},
	pages={1--14},
	year={2010},
	organization={IEEE}
}

@article{turaga2008machine,
	title={Machine recognition of human activities: A survey},
	author={Turaga, Pavan and Chellappa, Rama and Subrahmanian, Venkatramana S and Udrea, Octavian},
	journal={Circuits and Systems for Video Technology, IEEE Transactions on},
	volume={18},
	number={11},
	pages={1473--1488},
	year={2008},
	publisher={IEEE}
}

@inproceedings{yamato1992recognizing,
	title={Recognizing human action in time-sequential images using hidden markov model},
	author={Yamato, Junji and Ohya, Jun and Ishii, Kenichiro},
	booktitle={Computer Vision and Pattern Recognition, 1992. Proceedings CVPR'92., 1992 IEEE Computer Society Conference on},
	pages={379--385},
	year={1992},
	organization={IEEE}
}

@article{starner1998real,
	title={Real-time american sign language recognition using desk and wearable computer based video},
	author={Starner, Thad and Weaver, Joshua and Pentland, Alex},
	journal={Pattern Analysis and Machine Intelligence, IEEE Transactions on},
	volume={20},
	number={12},
	pages={1371--1375},
	year={1998},
	publisher={IEEE}
}

@inproceedings{castel1996going,
	title={What is going on? a high level interpretation of sequences of images},
	author={Castel, Charles and Chaudron, Laurent and Tessier, Catherine},
	booktitle={ECCV Workshop on Conceptual Descriptions from Images},
	pages={13--27},
	year={1996}
}

@inproceedings{le2011learning,
	title={Learning hierarchical invariant spatio-temporal features for action recognition with independent subspace analysis},
	author={Le, Quoc V and Zou, Will Y and Yeung, Serena Y and Ng, Andrew Y},
	booktitle={Computer Vision and Pattern Recognition (CVPR), 2011 IEEE Conference on},
	pages={3361--3368},
	year={2011},
	organization={IEEE}
}

@article{petri1966communication,
	title={Communication with automata},
	author={Petri, Carl Adam},
	year={1966}
}

@inproceedings{fathi2011understanding,
	title={Understanding egocentric activities},
	author={Fathi, Alireza and Farhadi, Ali and Rehg, James M},
	booktitle={Computer Vision (ICCV), 2011 IEEE International Conference on},
	pages={407--414},
	year={2011},
	organization={IEEE}
}


